<?xml version="1.0" encoding="UTF-8"?><collection xmlns="http://www.loc.gov/MARC21/slim"><record><leader>00372nam--2200121-i-4500</leader><controlfield tag="001">000023476</controlfield><controlfield tag="002">20161230</controlfield><controlfield tag="005">20161230201035</controlfield><controlfield tag="008">060222s1000------------r-----000-0-eng-d</controlfield><datafield ind1=" " ind2=" " tag="100"><subfield code="a">M.M.Taqui Khan And Artur E.Martell</subfield></datafield><datafield ind1=" " ind2=" " tag="245"><subfield code="a">Homogeneus catalysis by metal complexes. vol.1 activation of small inorganic molecules</subfield></datafield><datafield ind1=" " ind2=" " tag="260"><subfield code="a">New York, Academic Press, 1974</subfield></datafield><datafield ind1=" " ind2=" " tag="852"><subfield code="a">42539</subfield></datafield></record></collection>